<?xml version="1.0" encoding="UTF-8"?><collection xmlns="http://www.loc.gov/MARC21/slim"><record><leader>00467nam--2200133-i-4500</leader><controlfield tag="001">000009874</controlfield><controlfield tag="002">20161230</controlfield><controlfield tag="005">20161230201028</controlfield><controlfield tag="008">060222s1000------------r-----000-0-eng-d</controlfield><datafield ind1=" " ind2=" " tag="100"><subfield code="a">Anthony, A.M. Et Loup, J.P</subfield></datafield><datafield ind1=" " ind2=" " tag="245"><subfield code="a">Emission thermo-electronique, conduction elec trique et thermogravimetrie dans l`etude des defauts ponctuels de la zircone</subfield></datafield><datafield ind1=" " ind2=" " tag="260"><subfield code="a">Paris, La Faculte De Sciences, 1969 -499-512 P</subfield></datafield><datafield ind1=" " ind2=" " tag="490"><subfield code="a">Extrass: Physica Status Solidi, 38</subfield></datafield><datafield ind1=" " ind2=" " tag="852"><subfield code="a">35814</subfield></datafield></record></collection>